<?xml version="1.0" encoding="UTF-8"?><collection xmlns="http://www.loc.gov/MARC21/slim"><record><leader>00487nam--2200181-i-4500</leader><controlfield tag="001">000020201</controlfield><controlfield tag="002">20161230</controlfield><controlfield tag="005">20161230201033</controlfield><controlfield tag="008">060222s1000------------r-----000-0-fre-d</controlfield><datafield ind1=" " ind2=" " tag="040"><subfield code="a">IFIN-HH</subfield></datafield><datafield ind1=" " ind2=" " tag="041"><subfield code="a">fre</subfield></datafield><datafield ind1=" " ind2=" " tag="080"><subfield code="a">537.31:621.3.04</subfield></datafield><datafield ind1="1" ind2=" " tag="100"><subfield code="a">Fallot, Maurice</subfield></datafield><datafield ind1="1" ind2="0" tag="245"><subfield code="a">Theorie generale des circuits electriques</subfield><subfield code="b">Preface de louis neel</subfield><subfield code="c">Maurice fallot</subfield></datafield><datafield ind1=" " ind2=" " tag="260"><subfield code="a">Paris</subfield><subfield code="b">Dunod</subfield><subfield code="c">1960</subfield></datafield><datafield ind1=" " ind2=" " tag="300"><subfield code="a">XIII + 272 P</subfield></datafield><datafield ind1=" " ind2=" " tag="852"><subfield code="a">75589</subfield><subfield code="c">537:538</subfield></datafield><datafield ind1=" " ind2=" " tag="CAT"><subfield code="a">Sys</subfield><subfield code="c">20110628</subfield><subfield code="h">135112</subfield></datafield></record></collection>